<?xml version="1.0" encoding="UTF-8"?><collection xmlns="http://www.loc.gov/MARC21/slim"><record><leader>00395nam--2200133-i-4500</leader><controlfield tag="001">000039585</controlfield><controlfield tag="002">20161230</controlfield><controlfield tag="005">20161230201042</controlfield><controlfield tag="008">060222s1000------------r-----000-0-eng-d</controlfield><datafield ind1=" " ind2=" " tag="100"><subfield code="a">Rose-innes, A.C</subfield></datafield><datafield ind1=" " ind2=" " tag="245"><subfield code="a">Low-temperature techniques. the use of liquid helium in the laboratory</subfield></datafield><datafield ind1=" " ind2=" " tag="260"><subfield code="a">London, The English Univ.Press, 1964, Xiii + 162p</subfield></datafield><datafield ind1=" " ind2=" " tag="490"><subfield code="a">Applied Physics Guides</subfield></datafield><datafield ind1=" " ind2=" " tag="852"><subfield code="a">20432</subfield></datafield></record></collection>